@INPROCEEDINGS{Vohra_2023,
  author={Vohra, Sahibia Kaur and Sakare, Mahendra and Das, Devarshi Mrinal},
  booktitle={2023 IEEE Women in Technology Conference (WINTECHCON)}, 
  title={Full CMOS Analog Circuit Implementation of Multi-Functional Pavlov Associative Memory using STDP Learning}, 
  year={2023},
  volume={},
  number={},
  pages={1-6},
  keywords={Semiconductor device modeling;Training;Associative memory;Neurons;Memristors;CMOS technology;SPICE;Pavlov associative memory;spike-timing-dependent plasticity (STDP);Leaky-integrate-and-fire (LIF) neuron;genralisation;differentiation},
  doi={10.1109/WINTECHCON58518.2023.10277203}}

@INPROCEEDINGS{Vohra_2023_2,
  author={Vohra, Sahibia Kaur and James, Alex P. and Sakare, Mahendra and Das, Devarshi Mrinal},
  booktitle={2023 IEEE Nordic Circuits and Systems Conference (NorCAS)}, 
  title={Analysing Mismatch effect of CMOS Neurons in Spiking Neural Network with Winner-take-all Mechanism}, 
  year={2023},
  volume={},
  number={},
  pages={1-7},
  keywords={Training;Temperature sensors;Temperature distribution;Simulation;Neurons;Memristors;Robustness;Spiking neural networks;CMOS neuron;Memristor;Winner-take-all;Neuromorphic computing},
  doi={10.1109/NorCAS58970.2023.10305471}}

@ARTICLE{Shamsi_2018,
  author={Shamsi, Jafar and Mohammadi, Karim and Shokouhi, Shahriar B.},
  journal={IEEE Transactions on Very Large Scale Integration (VLSI) Systems}, 
  title={A Hardware Architecture for Columnar-Organized Memory Based on CMOS Neuron and Memristor Crossbar Arrays}, 
  year={2018},
  volume={26},
  number={12},
  pages={2795-2805},
  keywords={Neurons;Synapses;Memristors;Hardware;Robustness;Associative memory;Power demand;Columnar-organized memory (COM);memristor crossbar;neuron circuit;synaptic circuit;winner take all (WTA)},
  doi={10.1109/TVLSI.2018.2815025}}

@article{Vohra_2024,
title = {Circuit implementation of on-chip trainable spiking neural network using CMOS based memristive STDP synapses and LIF neurons},
journal = {Integration},
volume = {95},
pages = {102122},
year = {2024},
issn = {0167-9260},
doi = {https://doi.org/10.1016/j.vlsi.2023.102122},
url = {https://www.sciencedirect.com/science/article/pii/S0167926023001645},
author = {Vohra, Sahibia Kaur  and Thomas, Sherin A. and Sakare, Mahendra and Das, Devarshi Mrinal},
keywords = {Spiking neural networks, Spike-timing dependent plasticity (STDP), Memristor crossbar, On-chip training, Pattern recognition}
}

@INPROCEEDINGS{Tian_2022,
  author={Tian, Min and Lu, Jing and Gao, Haoran and Wang, Haibing and Yu, Jianyi and Shi, Cong},
  booktitle={2022 IEEE International Symposium on Circuits and Systems (ISCAS)}, 
  title={A Lightweight Spiking GAN Model for Memristor-centric Silicon Circuit with On-chip Reinforcement Adversarial Learning}, 
  year={2022},
  volume={},
  number={},
  pages={3388-3392},
  keywords={Costs;Computational modeling;Memristors;Generative adversarial networks;Hardware;Generators;Energy efficiency;Spiking neuron;Generative adversarial network;Memristor;Reinforcement learning;Reward-modulated STDP;On-chip learning;Neuromorphic systems},
  doi={10.1109/ISCAS48785.2022.9937639}}

@article{Wang_2016,
    author = {Wang, Tianshi and Roychowdhury, Jaijeet},
    year = {2016},
    month = {05},
    pages = {},
    title = {Well-Posed Models of Memristive Devices}
}

@misc{SKY130reram,
	author = {},
	title = {SkyWater SKY130 PDK},
	howpublished = {\url{https://sky130-fd-pr-reram.readthedocs.io/en/latest/}},
	year = {},
	note = {[Accessed 27-05-2024]},
}

@misc{SKY130reramGitHub,
	author = {Google},
	title = {skywater-pdk},
	howpublished = {\url{https://github.com/google/skywater-pdk-libs-sky130\_fd\_pr\_reram}},
	year = {},
	note = {[Accessed 27-05-2024]},
}

@INPROCEEDINGS{Alshaya_2022,
	author={Alshaya, Abdulaziz and Han, Qihao and Papavassiliou, Christos},
	booktitle={2022 International Conference on Microelectronics (ICM)}, 
	title={RRAM, Device, Model and Memory}, 
	year={2022},
	volume={},
	number={},
	pages={117-120},
	keywords={Resistance;Analytical models;Nonvolatile memory;Memristors;Writing;Topology;System-on-chip;Non-volatile memory;memristor;RRAM;1R;1T1R;SkyWater},
	doi={10.1109/ICM56065.2022.10005367}}

@ARTICLE{Chua_1971,
  author={Chua, L.},
  journal={IEEE Transactions on Circuit Theory}, 
  title={Memristor-The missing circuit element}, 
  year={1971},
  volume={18},
  number={5},
  pages={507-519},
  keywords={RLC circuits;Memristors;Electromagnetic fields;Maxwell equations;Resistors;Active inductors;Capacitors;Power supplies;Laboratories;Active circuits},
  doi={10.1109/TCT.1971.1083337}}

@INPROCEEDINGS{Weiss_2022,
  author={Weiss, Ryan and Das, Hritom and Chakraborty, Nishith N. and Rose, Garrett S.},
  booktitle={2022 IEEE 65th International Midwest Symposium on Circuits and Systems (MWSCAS)}, 
  title={STDP Based Online Learning for a Current-Controlled Memristive Synapse}, 
  year={2022},
  volume={},
  number={},
  pages={1-4},
  keywords={Resistance;Simulation;Neural networks;Memristors;Reliability engineering;Timing;Integrated circuit reliability;STDP;current-controlled circuit;learning;memristor;synapse;LRS;spiking neural network},
  doi={10.1109/MWSCAS54063.2022.9859294}}

@article{Zhao_2018,
title = {Novel designs of spiking neuron circuit and STDP learning circuit based on memristor},
journal = {Neurocomputing},
volume = {314},
pages = {207-214},
year = {2018},
issn = {0925-2312},
doi = {https://doi.org/10.1016/j.neucom.2018.06.062},
url = {https://www.sciencedirect.com/science/article/pii/S0925231218308002},
author = {Liang Zhao and Qinghui Hong and Xiaoping Wang},
keywords = {Spiking neuron circuit, STDP learning circuit, Memristor, Crossbar array, Spiking neural network}
}

@INPROCEEDINGS{Saxena_2018,
  author={Saxena, Vishal and Wu, Xinyu and Zhu, Kehan},
  booktitle={2018 IEEE International Symposium on Circuits and Systems (ISCAS)}, 
  title={Energy-Efficient CMOS Memristive Synapses for Mixed-Signal Neuromorphic System-on-a-Chip}, 
  year={2018},
  volume={},
  number={},
  pages={1-5},
  keywords={Synapses;Memristors;Neurons;Energy efficiency;Neuromorphics;Energy consumption;Biological neural networks;CMOS Neurons;Memristors;Neuromorphic computing;Spiking Neural Networks (SNNs);STDP;Synapses},
  doi={10.1109/ISCAS.2018.8351766}}

@article{Guimaraes_2021,
author = {Guimarães, Janaina},
year = {2021},
month = {03},
pages = {},
title = {Low‐power hybrid memristor‐CMOS spiking neuromorphic STDP learning system},
volume = {15},
journal = {IET Circuits, Devices & Systems},
doi = {10.1049/cds2.12018}
}

@INPROCEEDINGS{Amirsoleimani_2017,
  author={Amirsoleimani, Amirali and Ahmadi, Majid and Ahmadi, Arash},
  booktitle={2017 International Joint Conference on Neural Networks (IJCNN)}, 
  title={STDP-based unsupervised learning of memristive spiking neural network by Morris-Lecar model}, 
  year={2017},
  volume={},
  number={},
  pages={3409-3414},
  keywords={Neurons;Memristors;Calcium;Potassium;Biological system modeling;Computational modeling;Integrated circuit modeling;Memristor;Morris-Lecar;Spike-Timing-Dependent-Plasticity (STDP);Spiking Neural Network (SNN);Learning;Neuron},
  doi={10.1109/IJCNN.2017.7966284}}

@INPROCEEDINGS{Barnell_2023,
  author={Barnell, Mark and Raymond, Courtney and Loomis, Lisa and Isereau, Darrek and Brown, Daniel and Vidal, Francesca and Smiley, Steven},
  booktitle={2023 IEEE High Performance Extreme Computing Conference (HPEC)}, 
  title={Advanced Ultra Low-Power Deep Learning Applications with Neuromorphic Computing}, 
  year={2023},
  volume={},
  number={},
  pages={1-4},
  keywords={Performance evaluation;Neuromorphic engineering;Lava;Computer architecture;Hardware;Extensibility;Internet of Things;Extreme Computing;Machine Learning;High Performance Embedded Computing;Neuromorphic Computing;Deep Learning;Intel Loihi 2;Autonomous Operation},
  doi={10.1109/HPEC58863.2023.10363561}}