@misc{Rouse_2017,
	author = {Rouse, Margaret},
	title = {Barrel shifters},
	howpublished = {https://www.techopedia.com/definition/17863/barrel-shifter},
	year = {2017}
}

@misc{Mathur_2023,
	author = {Mathur, Aditya},
	title = {Barrel shifters},
	howpublished = {https://www.linkedin.com/pulse/barrel-shifters-aditya-mathur/},
	year = {2023}
}

@misc{Limones_2015,
	author = {Limones, Alejandro},
	title = {Barrel Shifter},
	howpublished = {https://www.scribd.com/document/329471576/Barrel-Shifter},
	year = {2015}
}

@misc{oemsecrets_2021,
	author = {oemsecrets},
	title = {Understanding the T Flip-Flop},
	howpublished = {https://www.oemsecrets.com/articles/understanding-the-t-flip-flop},
	year = {2021}
}

@misc{Olmo,
	author = {Olmo, M},
	title = {El Flip Flop T},
	howpublished = {http://hyperphysics.phy-astr.gsu.edu/hbasees/Electronic/Tflipflop.html}
}

@misc{Anónimo_2023,
	author = {Anónimo},
	title = {Introduction to T Flip-Flops and Its Working},
	howpublished = {https://www.electronicsforu.com/technology-trends/learn-electronics/t-flip-flop-circuit-truth-table-limitations-applications},
	year = {2023}
}