@INPROCEEDINGS{mem1,
	author={Song, Yinfang},
	booktitle={2017 36th Chinese Control Conference (CCC)}, 
	title={Global finite-time stabilization of memristor-based neural networks with time-varying delays via hybrid control}, 
	year={2017},
	volume={},
	number={},
	pages={896-903},
	keywords={Biological neural networks;Memristors;Delays;Lyapunov methods;Control systems;Synchronization;Finite-time stabilization;Impulsive control;Nonlinear feedback control;Memristor-based neural networks;Lyapunov function approach},
	doi={10.23919/ChiCC.2017.8027459}}

@INPROCEEDINGS{mem2,
	author={Bala, Anu and Adeyemo, Adedotun and Yang, Xiaohan and Jabir, Abusaleh},
	booktitle={2016 Sixth International Symposium on Embedded Computing and System Design (ISED)}, 
	title={High level abstraction of memristor model for neural network simulation}, 
	year={2016},
	volume={},
	number={},
	pages={318-322},
	keywords={Memristors;C++ languages;Training;Mathematical model;Biological neural networks;Neurons;Computational modeling;Memristor Memristive Crossbar;Memristor Modeling;Neural Network;C++},
	doi={10.1109/ISED.2016.7977105}}

@INPROCEEDINGS{mem3,
	author={Yakopcic, Chris and Alom, Md Zahangir and Taha, Tarek M.},
	booktitle={2016 International Joint Conference on Neural Networks (IJCNN)}, 
	title={Memristor crossbar deep network implementation based on a Convolutional neural network}, 
	year={2016},
	volume={},
	number={},
	pages={963-970},
	keywords={Memristors;Convolution;Neural networks;Feature extraction;Training;Kernel;Resistance;memristor;convolution;CNN;neural network;deep network},
	doi={10.1109/IJCNN.2016.7727302}}

@INPROCEEDINGS{mem4,
	author={Shao, Lijun and Huang, Lili and Zhao, Xin and Zhao, Ximei and Su, Min and Ren, Yan},
	booktitle={2023 IEEE International Conference on Memristive Computing and Applications (ICMCA)}, 
	title={Classification of Optical Character Recognition Based on Memristive Neural Networks}, 
	year={2023},
	volume={},
	number={},
	pages={1-4},
	keywords={Analytical models;Computational modeling;Neural networks;Optical character recognition;Memristors;Production;Conductivity;memristor;convolution neural network;classification},
	doi={10.1109/ICMCA59770.2023.10481174}}

@ARTICLE{mem5,
	author={Zhao, Jiemei},
	journal={IEEE Access}, 
	title={Reachable Set Estimation for a Class of Memristor-Based Neural Networks With Time-Varying Delays}, 
	year={2018},
	volume={6},
	number={},
	pages={937-943},
	keywords={Biological neural networks;Estimation;Delays;Memristors;Ellipsoids;Linear systems;Memristor-based neural networks;reachable set estimation;time-varying delays;linear matrix inequality},
	doi={10.1109/ACCESS.2017.2777008}}

@INPROCEEDINGS{mem6,
	author={Tarkov, Mikhail S. and Yatsko, Evgeniy A.},
	booktitle={2022 IEEE International Multi-Conference on Engineering, Computer and Information Sciences (SIBIRCON)}, 
	title={Image Classification by Neural Network on Crossbars with Memristor Defects}, 
	year={2022},
	volume={},
	number={},
	pages={1380-1384},
	keywords={Resistance;Computational modeling;Neural networks;Memristors;Computer architecture;Production;Reliability engineering;memristor;memristor defects;crossbar;image recognition},
	doi={10.1109/SIBIRCON56155.2022.10017063}}

@INPROCEEDINGS{mem7,
	author={Horváth, András and Ascoli, Alon and Tetzlaff, Ronald},
	booktitle={2022 IEEE 22nd International Conference on Nanotechnology (NANO)}, 
	title={Deep Memristive Cellular Neural Networks for Image Classification}, 
	year={2022},
	volume={},
	number={},
	pages={457-460},
	keywords={Deep learning;Simulation;Memristors;Cells (biology);Mathematical models;Complexity theory;Cellular neural networks;Cellular Neural Networks;Memristor},
	doi={10.1109/NANO54668.2022.9928688}}

@INPROCEEDINGS{mem8,
	author={Bala, Anu and Yang, Xiaohan and Adeyemo, Adedotun and Jabir, Abusaleh},
	booktitle={2018 8th International Symposium on Embedded Computing and System Design (ISED)}, 
	title={A Memristive Activation Circuit for Deep Learning Neural Networks}, 
	year={2018},
	volume={},
	number={},
	pages={1-5},
	keywords={Memristors;Neurons;Training;Resistance;Threshold voltage;Biological neural networks;Neural network;MIN function;memristor crossbar array;ReLU},
	doi={10.1109/ISED.2018.8704116}}

@INPROCEEDINGS{mem9,
	author={Bai, Kangjun and An, Qiyuan and Yi, Yang},
	booktitle={2019 56th ACM/IEEE Design Automation Conference (DAC)}, 
	title={Deep-DFR: A Memristive Deep Delayed Feedback Reservoir Computing System with Hybrid Neural Network Topology}, 
	year={2019},
	volume={},
	number={},
	pages={1-6},
	keywords={Handheld computers;Neural networks;Electrical resistance measurement;Memristors;Reservoirs;Resistance;Switches;Deep neural network;hybrid neural network;reservoir computing;memristor crossbar array;image classification},
	doi={}}

@INPROCEEDINGS{mem10,
	author={Bharadwaj, Skanda S. and Kumar, R Chandan and Sumukha, B. N. and George, Koshy},
	booktitle={2016 2nd International Conference on Contemporary Computing and Informatics (IC3I)}, 
	title={A self-monitoring online sequential learning mechanism for feedfoward neural networks}, 
	year={2016},
	volume={},
	number={},
	pages={23-28},
	keywords={Training;Monitoring;Activity recognition;Neural networks;Hidden Markov models;Feature extraction;Feedforward neural networks;human activity recognition;online sequential learning},
	doi={10.1109/IC3I.2016.7917929}}

@ARTICLE{mem11,
	author={Zheng, Nan and Mazumder, Pinaki},
	journal={IEEE Transactions on Nanotechnology}, 
	title={Learning in Memristor Crossbar-Based Spiking Neural Networks Through Modulation of Weight-Dependent Spike-Timing-Dependent Plasticity}, 
	year={2018},
	volume={17},
	number={3},
	pages={520-532},
	keywords={Memristors;Biological neural networks;Neurons;Synapses;Heuristic algorithms;Hardware;Artificial neural networks;Memristor;crossbar;supervised learning;machine learning;neuromorphic computing;spiking neural network;deep learning;hardware neural network;spike-timing-dependent plasticity;MNIST benchmark},
	doi={10.1109/TNANO.2018.2821131}}

@INPROCEEDINGS{mem12,
	author={Li, Boxun and Wang, Yuzhi and Wang, Yu and Chen, Yiran and Yang, Huazhong},
	booktitle={2014 19th Asia and South Pacific Design Automation Conference (ASP-DAC)}, 
	title={Training itself: Mixed-signal training acceleration for memristor-based neural network}, 
	year={2014},
	volume={},
	number={},
	pages={361-366},
	keywords={Training;Memristors;Neural networks;Arrays;Convergence;Acceleration;Mirrors;Neural Network;Training;Memristor},
	doi={10.1109/ASPDAC.2014.6742916}}

@article{mem13,
	title = {Memristor-based spiking neural networks: cooperative development of neural network architecture/algorithms and memristors},
	journal = {Chip},
	volume = {3},
	number = {2},
	pages = {100093},
	year = {2024},
	issn = {2709-4723},
	doi = {https://doi.org/10.1016/j.chip.2024.100093},
	url = {https://www.sciencedirect.com/science/article/pii/S270947232400011X},
	author = {Huihui Peng and Lin Gan and Xin Guo},
	keywords = {Spike neural networks, Hardware, Memristor, Algorithm, Cooperative development}
}

@ARTICLE{HP1,
	author={Liu, Xiaoxiao and Mao, Mengjie and Liu, Beiye and Li, Boxun and Wang, Yu and Jiang, Hao and Barnell, Mark and Wu, Qing and Yang, Jianhua and Li, Hai and Chen, Yiran},
	journal={IEEE Transactions on Circuits and Systems I: Regular Papers}, 
	title={Harmonica: A Framework of Heterogeneous Computing Systems With Memristor-Based Neuromorphic Computing Accelerators}, 
	year={2016},
	volume={63},
	number={5},
	pages={617-628},
	keywords={Memristors;Artificial neural networks;Active appearance model;Neuromorphics;Calibration;Immune system;Training;Heterogeneous system;memristor;neuromorphic computing;Heterogeneous system;memristor;neuromorphic computing},
	doi={10.1109/TCSI.2016.2529279}}

@INPROCEEDINGS{HP2,
	author={Li, Can and Belkin, Daniel and Li, Yunning and Yan, Peng and Hu, Miao and Ge, Ning and Jiang, Hao and Montgomery, Eric and Lin, Peng and Wang, Zhonguir and Strachan, John Paul and Barnell, Mark and Wu, Qing and Williams, R. Stanley and Yang, J. Joshua and Xia, Qiangfei},
	booktitle={2018 IEEE International Memory Workshop (IMW)}, 
	title={In-Memory Computing with Memristor Arrays}, 
	year={2018},
	volume={},
	number={},
	pages={1-4},
	keywords={Memristors;Training;Transistors;Resistance;Biological neural networks;Computer architecture;Tumors},
	doi={10.1109/IMW.2018.8388838}}

@ARTICLE{Chua_1971,
	author={Chua, L.},
	journal={IEEE Transactions on Circuit Theory}, 
	title={Memristor-The missing circuit element}, 
	year={1971},
	volume={18},
	number={5},
	pages={507-519},
	keywords={RLC circuits;Memristors;Electromagnetic fields;Maxwell equations;Resistors;Active inductors;Capacitors;Power supplies;Laboratories;Active circuits},
	doi={10.1109/TCT.1971.1083337}}

@INPROCEEDINGS{HP3,
	author={Yu Zhang and Xuliang Zhang and Juebang Yu},
	booktitle={2009 International Conference on Communications, Circuits and Systems}, 
	title={Approximated SPICE model for memristor}, 
	year={2009},
	volume={},
	number={},
	pages={928-931},
	keywords={SPICE;Memristors;Laboratories;Testing;Resistors;Semiconductor films;Electric resistance;Piecewise linear techniques;Information technology;Inductors},
	doi={10.1109/ICCCAS.2009.5250371}}

@INPROCEEDINGS{HP,
	author={Radwan, A. G. and Zidan, M. Affan and Salama, K. N.},
	booktitle={2010 53rd IEEE International Midwest Symposium on Circuits and Systems}, 
	title={HP Memristor mathematical model for periodic signals and DC}, 
	year={2010},
	volume={},
	number={},
	pages={861-864},
	keywords={Memristors;Mathematical model},
	doi={10.1109/MWSCAS.2010.5548670}}