@book{Allen_2012,
	author = {Allen, Phillip E. and Holberg, Douglas R.},
	title = {CMOS Analog Circuit Design},
	publisher = {Oxford University Press, Incorporated},
	year = {2012}
}